<record xmlns="http://www.loc.gov/MARC21/slim" xmlns:xsi="http://www.w3.org/2001/XMLSchema-instance" xsi:schemaLocation="http://www.loc.gov/MARC21/slim http://www.loc.gov/standards/marcxml/schema/MARC21slim.xsd">

  <leader>01376nab a2200169   4500</leader>
  <controlfield tag="005">20160428161554.0</controlfield>
  <controlfield tag="008">160428b2012    cr f|||| |||| 00| 0 spa d</controlfield>
  <datafield tag="090" ind2=" " ind1=" ">
    <subfield code="a">Araya Rivera, Carlos</subfield>
  </datafield>
  <datafield ind2=" " ind1="1" tag="100">
    <subfield code="9">1121</subfield>
    <subfield code="a">Araya Rivera, Carlos</subfield>
  </datafield>
  <datafield tag="245" ind2="0" ind1="1">
    <subfield code="a">Proyecto Contrastes: medios de comunicación estudiantil como espacios de aprendizaje /</subfield>
    <subfield code="c"> Carlos Araya Rivera</subfield>
  </datafield>
  <datafield tag="260" ind2=" " ind1=" ">
    <subfield code="a">San José, Costa Rica :</subfield>
    <subfield code="b">Editorial Universidad de Costa Rica,</subfield>
    <subfield code="c">2012</subfield>
  </datafield>
  <datafield ind2=" " ind1=" " tag="300">
    <subfield code="a">páginas 83-95</subfield>
  </datafield>
  <datafield tag="520" ind1=" " ind2=" ">
    <subfield code="a">En el presente ensayo, se reseña una experiencia docente desarrollada por el autor a lo largo de veinte años, en cuanto a la asesoría académica brindada a estudiantes de distintas carreras universitarias, para la producción de medios y espacios de comunicación estudiantil. Estos medios forman parte del Proyecto CONTRASTES, la comunidad de aprendizaje de comunicación estudiantil con mator permanencia en la historia de la Universidad de Costa Rica, que ha logrado construir un espacio de aprendizaje de la comunicación y la producción radiofónica. El trabajo resume las bases conceptuales del proyecto y describe los aspectos principales de su organización.</subfield>
  </datafield>
  <datafield tag="650" ind1="1" ind2="4">
    <subfield code="9">1</subfield>
    <subfield code="a">EDUCACIÓN</subfield>
  </datafield>
  <datafield ind1="0" ind2=" " tag="773">
    <subfield code="d">San José, Costa Rica : Editorial de la Universidad de Costa Rica, 1997-</subfield>
    <subfield code="o">R0625</subfield>
    <subfield code="t">EDUCACIÓN: Revista de la Universidad de Costa Rica</subfield>
    <subfield code="g">Vol.36, no.1 (ene.-jun., 2012)</subfield>
  </datafield>
  <datafield ind1=" " ind2=" " tag="942">
    <subfield code="2">z</subfield>
    <subfield code="c">10</subfield>
  </datafield>
  <datafield ind1=" " ind2=" " tag="999">
    <subfield code="c">3173</subfield>
    <subfield code="d">3173</subfield>
  </datafield>
</record>